@InProceedings{delgado-perez18:_evaluat_mutat_testin_nuclear_indus_case_study,
  author =       {Pedro Delgado-P\'erez and Ibrahim Habli and Steve Gregory and Rob Alexander and John Clark and Inmaculada Medina-Bulo},
  title =        {Evaluation of Mutation Testing in a Nuclear Industry Case Study},
  booktitle = {IEEE Transactions on Reliability},
  year =         2018,
  pages =        {1406--1419}}
