@article{cutler24:_cedar,
author = {Cutler, Joseph W. and Disselkoen, Craig and Eline, Aaron and He, Shaobo and Headley, Kyle and Hicks, Michael and Hietala, Kesha and Ioannidis, Eleftherios and Kastner, John and Mamat, Anwar and McAdams, Darin and McCutchen, Matt and Rungta, Neha and Torlak, Emina and Wells, Andrew M.},
title = {Cedar: A New Language for Expressive, Fast, Safe, and Analyzable Authorization},
year = 2024,
issue_date = {April 2024},
publisher = {Association for Computing Machinery},
address = {New York, NY, USA},
volume = 8,
number = {OOPSLA1},
url = {https://doi.org/10.1145/3649835},
doi = {10.1145/3649835},
journal = {Proc. ACM Program. Lang.},
month = apr,
articleno = 118,
numpages = 28,
keywords = {Authorization, Formal models, Policies as code}
}

  

